@article{FelezProblemas,
  title={Problemas de cubrimiento. Aplicaci{\'o}n},
  author={F{\'e}lez, Karen Oliveros},
  year={2017}
}

@article{ToregasLocation,
  title={The location of emergency service facilities},
  author={Toregas, Constantine and Swain, Ralph and ReVelle, Charles and Bergman, Lawrence},
  journal={Operations research},
  volume={19},
  number={6},
  pages={1363--1373},
  year={1971},
  publisher={Informs}
}

@book{Ayuso2017,
  title={Introducci{\'o}n a la programaci{\'o}n lineal},
  author={Ayuso, Mar{\'\i}a del Carmen Hern{\'a}ndez},
  year={2017},
  publisher={UNAM}
}

@article{FerrerGraph,
  title={Trazados del grafo completo},
  author={Ferrer Bened{\'\i}, Sergio and Garc{\'\i}a Olaverri, Alfredo}
}

@phdthesis{NPdef,
  title={M{\'e}todos heur{\'\i}sticos en problemas geom{\'e}tricos. visibilidad, iluminaci{\'o}n y vigilancia},
  author={Canales Cano, Santiago},
  year={2004},
  school={Informatica}
}
@online{RAE_2023,
  title = {Real Academia Española Inicio},
  url = {https://www.rae.es/inicio},
  author= {RAE},
  abstract = {La Real Academia Española ({RAE}) es una institución cultural dedicada a la regularización lingüística entre el mundo hispanohablante.},
  titleaddon = {Real Academia Española},
  urldate = {2023-06-01},
  date = {2023-05-26},
  langid = {spanish},
  year= {recuperado el 1 de junio de 2023}
}
@article{ReVelle-Applications_of_the_Location_Set‐covering_Problem,
author = {ReVelle, Charles and Toregas, Constantine and Falkson, Louis},
title = {Applications of the Location Set-covering Problem},
journal = {Geographical Analysis},
volume = {8},
number = {1},
pages = {65-76},
doi = {https://doi.org/10.1111/j.1538-4632.1976.tb00529.x},
url = {https://onlinelibrary.wiley.com/doi/abs/10.1111/j.1538-4632.1976.tb00529.x},
eprint = {https://onlinelibrary.wiley.com/doi/pdf/10.1111/j.1538-4632.1976.tb00529.x},
abstract = {The location set-covering problem is extended to apply to three new situations. (1) The demands are assumed to occur continuously alone arcs of a network. (2) A mobile unit departs from one of the locations to be chosen and picks up the demand, providing service at a still more distant point. (3) New demands and sites occur over time.},
year = {1976}
}
@incollection{Goldenticket,
  title={The Golden Ticket},
  author={Fortnow, Lance},
  booktitle={The Golden Ticket},
  year={2013},
  publisher={Princeton University Press}
}
@book{cook2000p,
  title={The P versus NP problem},
  author={Cook, Stephen},
  publisher = {American Mathematical Society y Clay Mathehatics Institute},
  pages = {87-103},
  year = {2006}
}
@book{michalewicz2013solve_modern_heuristics,
  title={How to solve it: modern heuristics},
  author={Michalewicz, Zbigniew and Fogel, David B},
  year={2013},
  publisher={Springer Science \& Business Media}
}
@book{optimization_by_GRASP,
  title={Optimization by GRASP},
  author={Resende, Mauricio GC and Ribeiro, Celso C},
  year={2016},
  publisher={Springer}
}
@ARTICLE{RSART,
  author={Rutenbar, R.A.},
  journal={IEEE Circuits and Devices Magazine}, 
  title={Simulated annealing algorithms: an overview}, 
  year={1989},
  volume={5},
  number={1},
  pages={19-26},
  doi={10.1109/101.17235}}


@article{TS_Tutorial,
  title = {Tabu Search: A Tutorial},
  rights = {© 1990 {INFORMS}},
  url = {https://pubsonline.informs.org/doi/abs/10.1287/inte.20.4.74},
  doi = {10.1287/inte.20.4.74},
  shorttitle = {Tabu Search},
  abstract = {Tabu search is a “higher level” heuristic procedure for solving optimization problems, designed to guide other methods (or their component processes) to escape the trap of local optimality. Tabu se...},
  journaltitle = {Interfaces},
  author = {Glover, Fred},
  urldate = {2023-06-05},
  date = {1990-08-01},
  year={1990},
  langid = {english},
  note = {Publisher: {INFORMS}},
  file = {Snapshot:C\:\\Users\\mmrp2\\Zotero\\storage\\43NRJGFK\\inte.20.4.html:text/html},
}